5180wwwwwwwwwwwwww521      aaaaaaaaaaaaaaaaaaaa                                        wwwweeee                                                                  
5380wwwwwwwwwwwwww521521aaaaaaaaaaaaaaaaaaaaaaaaaaaaaaaaaaaaaaaaddddddddddeeeeeeeeeeeeeeeewwwwwwwwwwwww        01                                                                
5680wwwwwwwwwwwwwwffffffffffffffffffffffffffffffffffffffffffffffffffffeeeeeeeedddddddddddd0000006698                dddddddddddddddddddddddddddddddddddddddd        
5880wwwwwwwwwwwwww                                                                              6698               1         1                                      
5980wwwwwwwwwwwwww                                                    0001                      6698               1         5                                      
