5180wwwwwwwwwwwwww521      aaaaaaaaaaaaaaaaaaaa                                        wwwweeee                                                                  
5380wwwwwwwwwwwwww521521aaaaaaaaaaaaaaaaaaaaaaaaaaaaaaaaaaaaaaaaddddddddddeeeeeeeeeeeeeeeewwwwwwwwwwwww        01                                                                
5880wwwwwwwwwwwwww                                                                                 0               0         0                                      
5980wwwwwwwwwwwwww                                                    0001                         0               0         4                                      
