51801234567890k123521      Pep                                                         12345678                                                                  
53801234567890k123521521Guaa Nes                                56789012345678909312345678913        01                                                                
56801234567890k123123456789012Josep gtjhgjhjjjjjjjjjjjjjjjjjjjjjjjjjjj123443211209876543212000                Primer concepto erwjkkkdkjghtymkjrjtkfgh        
58801234567890k123                                                                              2000               1         1                                      
59801234567890k123                                                    0001                      2000               1         5                                      
